@article{Koeplinger2018,
    author = {Koeplinger, David and Feldman, Matthew and Prabhakar, Raghu and Zhang, Yaqi and Hadjis, Stefan and Fiszel, Ruben and Zhao, Tian and Nardi, Luigi and Pedram, Ardavan and Kozyrakis, Christos and Olukotun, Kunle},
    doi = {10.1145/3296979.3192379},
    isbn = {9781450356985},
    issn = {0362-1340},
    journal = {ACM SIGPLAN Notices},
    month = {dec},
    number = {4},
    pages = {296--311},
    title = {{Spatial: A Language and Compiler for Application Accelerators}},
    url = {https://dl.acm.org/doi/10.1145/3296979.3192379},
    volume = {53},
    year = {2018}
}

@inproceedings{Siefke2022,
    address = {New York, NY, USA},
    author = {Siefke, Lukas and K{\"{o}}pcke, Bastian and Gorlatch, Sergei and Steuwer, Michel},
    booktitle = {Proceedings of the 14th Workshop on General Purpose Processing Using GPU},
    doi = {10.1145/3530390.3532733},
    isbn = {9781450393485},
    month = {apr},
    number = {1},
    pages = {1--6},
    publisher = {ACM},
    title = {{Systematically extending a high-level code generator with support for tensor cores}},
    url = {https://dl.acm.org/doi/10.1145/3530390.3532733},
    volume = {1},
    year = {2022}
}

@misc{Gapuino,
  author       = {{Greenwaves Technologies}},
  url = {https://greenwaves-technologies.com/product/gapuino/},
  title        = {{GAPuino development board}},
  year         = {2022}
}
